@misc{dublincore,
    author = {{Dublin Core \textsuperscript{\textregistered} Metadata Initiative}},
    title = {{Dublin Core Metadata Element Set, Version 1.0: Reference Description}},
    howpublished = "http://dublincore.org/documents/1998/09/dces/",
    year = {1998},
    note = "[ออนไลน์: เข้าถึงเมื่อ 21 สิงหาคม 2559]"
}
